@INPROCEEDINGS{Dong03learningto,
    author = {Stan Li Dong and Stan Z. Li and Dong Zhang and Chengyuan Ma and Heung-yeung Shum and Eric Chang},
    title = {Learning to Boost GMM Based Speaker Verification},
    booktitle = {In Proc. of Eurospeech},
    year = {2003}
}

@inproceedings{Alamo96discriminative,
 author = {del Alamo, C. M. and Caminero Gil, F. J. and dela Torre Munilla, C. and Hernandez Gomez, L.},
 title = {Discriminative training of GMM for speaker identification},
 booktitle = {ICASSP '96: Proceedings of the Acoustics, Speech, and Signal Processing, 1996. on Conference Proceedings., 1996 IEEE International Conference},
 year = {1996},
 isbn = {0-7803-3192-3},
 pages = {89--92},
 doi = {http://dx.doi.org/10.1109/ICASSP.1996.540297},
 publisher = {IEEE Computer Society},
 address = {Washington, DC, USA},
 }

@INPROCEEDINGS{Reynolds00speakerverification,
    author = {Douglas A. Reynolds and Thomas F. Quatieri and Robert B. Dunn},
    title = {Speaker verification using Adapted Gaussian mixture models},
    booktitle = {Digital Signal Processing},
    year = {2000},
    pages = {2000}
}

@article{Reynolds95gmm,
 author = {Reynolds, Douglas A.},
 title = {Speaker identification and verification using Gaussian mixture speaker models},
 journal = {Speech Commun.},
 volume = {17},
 number = {1-2},
 year = {1995},
 issn = {0167-6393},
 pages = {91--108},
 doi = {http://dx.doi.org/10.1016/0167-6393(95)00009-D},
 publisher = {Elsevier Science Publishers B. V.},
 address = {Amsterdam, The Netherlands, The Netherlands},
 }

@article{Lemire09dtw,
  author    = {Daniel Lemire},
  title     = {Faster Retrieval with a Two-Pass Dynamic-Time-Warping Lower
               Bound},
  journal   = {CoRR},
  volume    = {abs/0811.3301},
  year      = {2008},
  ee        = {http://arxiv.org/abs/0811.3301},
  bibsource = {DBLP, http://dblp.uni-trier.de}
}

@MISC{Suisse01speakerverification,
    author = {Martigny Valais Suisse and Mohamed F. Benzeghiba and Mohamed F. Benzeghiba and Herv√© Bourlard and Herv Bourlard and Johnny Mariethoz and Johnny Mariethoz},
    title = {Speaker Verification Based on User-Customized Password},
    year = {2001}
}

@misc{Olsson02hmmann,
    author = {Johan Olsson},
    title = {Text Dependent Speaker Verification with a Hybrid HMM/ANN System},
    year = {2002},
    address = {Stockholm, Sweden},
}

@article{Jayanna09overview,
    author = {Jayanna H.S. and Mahadeva Prasanna S.R.},
    title = {Analysis, Feature Extraction, Modeling and Testing Techniques for Speaker Recognition},
    journal = {IETE Tech Rev},
    year = {2009},
    volume = {26},
    number = {3},
    pages = {181-190},
    month = {May},
}

@inproceedings{Nickel04pitchexpansions,
 author = {Nickel, Robert M.},
 title = {Robust speaker verification with optimal pitch bases expansions},
 booktitle = {WISICT '04: Proceedings of the winter international synposium on Information and communication technologies},
 year = {2004},
 pages = {1--6},
 location = {Cancun, Mexico},
 publisher = {Trinity College Dublin},
}

@inproceedings{Moon03gmmmobile,
 author = {Moon, Y. S. and Leung, C. C. and Pun, K. H.},
 title = {Fixed-point GMM-based speaker verification over mobile embedded system},
 booktitle = {WBMA '03: Proceedings of the 2003 ACM SIGMM workshop on Biometrics methods and applications},
 year = {2003},
 isbn = {1-58113-779-6},
 pages = {53--57},
 location = {Berkley, California},
 doi = {http://doi.acm.org/10.1145/982507.982517},
 publisher = {ACM},
 address = {New York, NY, USA},
 }

@inproceedings{Das69sv,
 author = {Das, S. K. and Mohn, W. S.},
 title = {Pattern recognition in speaker verification},
 booktitle = {AFIPS '69 (Fall): Proceedings of the November 18-20, 1969, fall joint computer conference},
 year = {1969},
 pages = {721--732},
 location = {Las Vegas, Nevada},
 doi = {http://doi.acm.org/10.1145/1478559.1478646},
 publisher = {ACM},
 address = {New York, NY, USA},
 }

@MISC{Falavigna_comparisonof,
    author = {Daniele Falavigna},
    title = {Comparison Of Different HMM Based Methods For Speaker Verification},
    year = {}
}
